<?xml version="1.0" encoding="UTF-8"?><collection xmlns="http://www.loc.gov/MARC21/slim"><record><leader>00491nam--2200181-i-4500</leader><controlfield tag="001">000023170</controlfield><controlfield tag="002">20161230</controlfield><controlfield tag="005">20161230201034</controlfield><controlfield tag="008">060222s1000------------r-----000-0-ger-d</controlfield><datafield ind1=" " ind2=" " tag="040"><subfield code="a">IFIN-HH</subfield></datafield><datafield ind1=" " ind2=" " tag="041"><subfield code="a">ger</subfield></datafield><datafield ind1=" " ind2=" " tag="080"><subfield code="a">541.15:532.5:541.12</subfield></datafield><datafield ind1="1" ind2=" " tag="100"><subfield code="a">Hart, Hans</subfield></datafield><datafield ind1="1" ind2="0" tag="245"><subfield code="a">Flussigkeitsdichtemessung mit hilfe von kernstrahlung</subfield><subfield code="c">Hans Hart</subfield></datafield><datafield ind1=" " ind2=" " tag="260"><subfield code="a">Leipzig, Bsb B.G.Teubner Verlagsgesellschaft, 1972</subfield></datafield><datafield ind1=" " ind2=" " tag="300"><subfield code="a">288 P</subfield></datafield><datafield ind1=" " ind2=" " tag="852"><subfield code="a">37324</subfield><subfield code="c">532</subfield></datafield><datafield ind1=" " ind2=" " tag="CAT"><subfield code="a">Sys</subfield><subfield code="c">20100715</subfield><subfield code="h">103450</subfield></datafield></record></collection>